<?xml version="1.0" encoding="UTF-8"?><collection xmlns="http://www.loc.gov/MARC21/slim"><record><leader>00384nam--2200133-i-4500</leader><controlfield tag="001">000047380</controlfield><controlfield tag="002">20161230</controlfield><controlfield tag="005">20161230201046</controlfield><controlfield tag="008">060222s1000------------r-----000-0-eng-d</controlfield><datafield ind1=" " ind2=" " tag="080"><subfield code="a">681.5:681.3</subfield></datafield><datafield ind1=" " ind2=" " tag="100"><subfield code="a">Wieslander,Johan</subfield></datafield><datafield ind1=" " ind2=" " tag="245"><subfield code="a">Interaction in computer aided analysis and design of control systems</subfield></datafield><datafield ind1=" " ind2=" " tag="260"><subfield code="a">Lund, Department Of Automatic Control ,1989. 221 P</subfield></datafield><datafield ind1=" " ind2=" " tag="852"><subfield code="a">71024</subfield></datafield></record></collection>